<?xml version="1.0" encoding="UTF-8"?><collection xmlns="http://www.loc.gov/MARC21/slim"><record><leader>00623nam--2200169-i-4500</leader><controlfield tag="001">000049762</controlfield><controlfield tag="002">20161230</controlfield><controlfield tag="005">20161230201047</controlfield><controlfield tag="008">060222s1000------------r-----000-0-eng-d</controlfield><datafield ind1=" " ind2=" " tag="040"><subfield code="a">IFIN-HH</subfield></datafield><datafield ind1=" " ind2=" " tag="080"><subfield code="a">539.12.01(061.3)</subfield></datafield><datafield ind1="1" ind2=" " tag="100"><subfield code="a">Gutbrod, F</subfield></datafield><datafield ind1="1" ind2="0" tag="245"><subfield code="a">Lepton and photon interactions at high energies</subfield><subfield code="b">Proceedings 1977 international symposium on lepton and photon interactions at high energiescongress centrum hamburg august 25-31, 1977 slac</subfield><subfield code="c">F. gutbrod (ed.)</subfield></datafield><datafield ind1=" " ind2=" " tag="260"><subfield code="a">Hamburg, Germany</subfield><subfield code="b">Deutsches Elektronen-synchotron Desy</subfield><subfield code="c">1977</subfield></datafield><datafield ind1=" " ind2=" " tag="300"><subfield code="a">1043P</subfield></datafield><datafield ind1=" " ind2=" " tag="852"><subfield code="a">78933</subfield><subfield code="c">539.12</subfield></datafield><datafield ind1=" " ind2=" " tag="CAT"><subfield code="a">Sys</subfield><subfield code="c">20120125</subfield><subfield code="h">144643</subfield></datafield></record></collection>